<record xmlns:xsi="http://www.w3.org/2001/XMLSchema-instance" xmlns="http://www.loc.gov/MARC21/slim" xsi:schemaLocation="http://www.loc.gov/MARC21/slim http://www.loc.gov/standards/marcxml/schema/MARC21slim.xsd">

  <leader>00607nam a2200181   4500</leader>
  <datafield tag="999" ind1=" " ind2=" ">
    <subfield code="c">3502</subfield>
    <subfield code="d">3502</subfield>
  </datafield>
  <controlfield tag="008">180615b2012    sp a|||| |||| 00| | spa d</controlfield>
  <datafield ind2=" " tag="020" ind1=" ">
    <subfield code="a">9788467803761</subfield>
  </datafield>
  <datafield ind1=" " tag="090" ind2=" ">
    <subfield code="a">04.02.01</subfield>
    <subfield code="b">2464</subfield>
  </datafield>
  <datafield ind2=" " tag="100" ind1=" ">
    <subfield code="9">3768</subfield>
    <subfield code="a">Navarro Sustaeta, Pablo</subfield>
  </datafield>
  <datafield ind2="0" ind1="1" tag="245">
    <subfield code="a">Educación para la ciudadanía y los derechos humanos / </subfield>
    <subfield code="c">P. Navarro Sustaeta, C. Díaz Martínez</subfield>
  </datafield>
  <datafield tag="260" ind1=" " ind2=" ">
    <subfield code="a">Madrid :</subfield>
    <subfield code="b">Anaya,</subfield>
    <subfield code="c">2012</subfield>
  </datafield>
  <datafield ind2=" " tag="300" ind1=" ">
    <subfield code="a">135 páginas;</subfield>
    <subfield code="b">ilustraciones</subfield>
  </datafield>
  <datafield ind2="4" ind1="1" tag="650">
    <subfield code="9">588</subfield>
    <subfield code="a">DERECHOS HUMANOS</subfield>
  </datafield>
  <datafield ind2="0" tag="650" ind1="1">
    <subfield code="a">EDUCACIÓN EN VALORES</subfield>
    <subfield code="9">719</subfield>
  </datafield>
  <datafield tag="650" ind1="1" ind2="4">
    <subfield code="9">456</subfield>
    <subfield code="a">EDUCACIÓN SECUNDARIA</subfield>
  </datafield>
  <datafield ind1=" " tag="700" ind2=" ">
    <subfield code="9">3769</subfield>
    <subfield code="a">Díaz Martínez, Capitolina</subfield>
  </datafield>
  <datafield tag="942" ind1=" " ind2=" ">
    <subfield code="2">z</subfield>
    <subfield code="c">01</subfield>
  </datafield>
</record>